@online {  Site1,
author = { www.box2d.org } ,
title = { Box2D Manual } ,
howpublished="\url{http://www.box2d.org/manual.html}",
year = {2014}
}
@online {  Site2,
author = { www.iforce2d.net } ,
title = { Box2D Tutorials } ,
howpublished="\url{http://www.iforce2d.net/b2dtut/}",
year = {2014}
}
@online { Site3,
author = { www.box2d.org } ,
title = { Box2D Documentation } ,
howpublished="\url{http://box2d.org/documentation.html}",
year = {2014}
}
